%% SAMPLE REFERENCE -- KEEP FOR COPY PASTE %%

@online{name,
    author      = {},
    title       = {},
    year        = {},
    urldate     = {},
    url         = {},
}

%% ADD NEW/OWN REFERENCES BELOW %%